<record xmlns="http://www.loc.gov/MARC21/slim" xmlns:xsi="http://www.w3.org/2001/XMLSchema-instance" xsi:schemaLocation="http://www.loc.gov/MARC21/slim http://www.loc.gov/standards/marcxml/schema/MARC21slim.xsd"><leader>01680cz   2200301n  4500</leader><controlfield tag="001">oca01134053 </controlfield><controlfield tag="005">20010426133408.0</controlfield><controlfield tag="008">840611n| acannaab           |a aaa      </controlfield><datafield ind1=" " ind2=" " tag="010"><subfield code="a">n  84007239 </subfield></datafield><datafield ind1=" " ind2=" " tag="040"><subfield code="a">DLC</subfield><subfield code="c">DLC</subfield><subfield code="d">DLC</subfield></datafield><datafield ind1="0" ind2=" " tag="100"><subfield code="a">Philodemus,</subfield><subfield code="d">ca. 110-ca. 40 B.C.</subfield></datafield><datafield ind1="0" ind2=" " tag="400"><subfield code="a">Philodemus,</subfield><subfield code="c">of Gadara</subfield><subfield code="w">nnaa</subfield></datafield><datafield ind1="0" ind2=" " tag="400"><subfield code="a">Philodēmos,</subfield><subfield code="d">ca. 110-ca. 40 B.C.</subfield></datafield><datafield ind1="0" ind2=" " tag="400"><subfield code="a">Philodem,</subfield><subfield code="d">ca. 110-ca. 40 B.C.</subfield></datafield><datafield ind1="0" ind2=" " tag="400"><subfield code="a">Filodemo,</subfield><subfield code="d">ca. 110-ca. 40 B.C.</subfield></datafield><datafield ind1="0" ind2=" " tag="400"><subfield code="a">Philodème,</subfield><subfield code="c">l'épicurien,</subfield><subfield code="d">ca. 110-ca. 40 B.C.</subfield></datafield><datafield ind1="0" ind2=" " tag="400"><subfield code="a">Philodemus,</subfield><subfield code="c">of Gadara,</subfield><subfield code="d">ca. 110-ca. 40 B.C.</subfield></datafield><datafield ind1="0" ind2=" " tag="400"><subfield code="a">Filodemo,</subfield><subfield code="c">di Gadara,</subfield><subfield code="d">ca. 110-ca. 40 B.C.</subfield></datafield><datafield ind1=" " ind2=" " tag="670"><subfield code="a">His Philodēmos = Philodemos, 1983:</subfield><subfield code="b">t.p. ([Greek characters:] Philodēmos; [Roman characters:] Philodemos)</subfield></datafield><datafield ind1=" " ind2=" " tag="670"><subfield code="a">LC manual cat.</subfield><subfield code="b">(hdg.: Philodemus, of Gadara; usage: Philodemus, Philodemos, Philodem, Filodemo)</subfield></datafield><datafield ind1=" " ind2=" " tag="670"><subfield code="a">Oxford classical dict.</subfield><subfield code="b">(Philodemus, ca. 110-ca. 40/35 B.C.; b. at Gadara, d. probably at Herculaneum)</subfield></datafield><datafield ind1=" " ind2=" " tag="670"><subfield code="a">Encyc. Britannica, Macropaedia</subfield><subfield code="b">(Philodemus; b. ca. 110 at Gadara, Syria; d. ca. 35 B.C. at Herculaneum; Greek poet and epicurean philosopher)</subfield></datafield><datafield ind1=" " ind2=" " tag="670"><subfield code="a">Wilpert, G. von. Lex. der Weltlit.</subfield><subfield code="b">(Philodemos, Greek writer; Gadara ca. 110 B.C.-Herculaneum(?) ca. 40 B.C.)</subfield></datafield><datafield ind1=" " ind2=" " tag="670"><subfield code="a">Pauly-Wissowa</subfield><subfield code="b">(Philodemos, poet and epicurean philosopher; b. ca. 110 B.C.; d. not long after 40 B.C. at about age of 70)</subfield></datafield><datafield ind1=" " ind2=" " tag="670"><subfield code="a">BN</subfield><subfield code="b">(Philodème, l'épicurien)</subfield></datafield><datafield ind1=" " ind2=" " tag="670"><subfield code="a">BN</subfield><subfield code="b">(Philodemus, of Gadara)</subfield></datafield><datafield ind1=" " ind2=" " tag="670"><subfield code="a">Genikē pankosmios enkyklop.</subfield><subfield code="b">(Philodēmos, follower of epicurean dogma)</subfield></datafield><datafield ind1=" " ind2=" " tag="670"><subfield code="a">Filodemo nella storia della letteratura greca, 1998:</subfield><subfield code="b">p. 7 (Filodemo di Gadara)</subfield></datafield></record>